<?xml version="1.0" encoding="UTF-8"?><collection xmlns="http://www.loc.gov/MARC21/slim"><record><leader>00394nam--2200145-i-4500</leader><controlfield tag="001">000033467</controlfield><controlfield tag="002">20161230</controlfield><controlfield tag="005">20161230201039</controlfield><controlfield tag="008">060222s1000------------r-----000-0-eng-d</controlfield><datafield ind1=" " ind2=" " tag="080"><subfield code="a">512.9</subfield></datafield><datafield ind1=" " ind2=" " tag="100"><subfield code="a">Moon, Parry And Spencer, Domina Eberle</subfield></datafield><datafield ind1=" " ind2=" " tag="245"><subfield code="a">Vectors</subfield></datafield><datafield ind1=" " ind2=" " tag="260"><subfield code="a">Princeton, D.Van Nostrand Co.Inc., 1965, Vii + 334p</subfield></datafield><datafield ind1=" " ind2=" " tag="852"><subfield code="a">27747</subfield><subfield code="c">512.94:512.972</subfield></datafield><datafield ind1=" " ind2=" " tag="CAT"><subfield code="a">Sys</subfield><subfield code="c">20080526</subfield><subfield code="h">112812</subfield></datafield></record></collection>